@conference{amaretto17,
    author={Pascal André and Christian Attiogbé and Jean-Marie Mottu},
    title={Combining Techniques to Verify Service-based Components},
    booktitle={Proceedings of the 5th International Conference on Model-Driven Engineering and Software Development - Volume 1: MODELSWARD},
    year={2017},
    pages={645-656},
    doi={},
    isbn={978-989-758-210-3},
}

@article{Kmelia,
    author={Pascal André and Gilles Ardourel and Christian Attiogbé},
    title={Kmelia : un modèle abstrait et formel pour la description et la composition de composants et de services, Revue des Sciences et Technologies de l'Information - Série TSI : Technique et Science Informatiques, Lavoisier, 2011, Technique et Science Informatiques},
    year={2010},
    pages={627-658},
    doi={},
}

@article{costoTest,
    author={Jean-Marie Mottu and Pascal André},
    title={COSTOTest: A Tool for Building and Running Test Harness for Service-based Component Models},
    year={2014},
}

@report{rapportM2, 
    author={Hamza Boukil and Afaf Chouidra and Hicham Dabihi and Naoufal El Gafa and Yassine Hamzaoui and Aya Saidi},
    title={Rapport projet COSTO},
    year={2015},
    pages={1-39},
    doi={},
}

@book{testUnit,
    author={Johanes Link and Peter Fröhlich},
    booktitle={Tests Unitaires en Java},
    title={Tests Unitaires en Java},
    year={2003},
    isbn={9782100081523},
    edition={Dunod},
}